@inproceedings{petrovic2010streamingfirststory,
  author = {Petrovi\'{c}, Sa\v{s}a and Osborne, Miles and Lavrenko, Victor},
  title = {{Streaming First Story Detection with Application to Twitter}},
  booktitle = {Human Language Technologies: The 2010 Annual Conference of the North American Chapter of the Association for Computational Linguistics},
  series = {HLT '10},
  year = {2010},
  isbn = {1-932432-65-5},
  location = {Los Angeles, California},
  pages = {181--189},
  numpages = {9}, 
  publisher = {Association for Computational Linguistics},
  address = {Stroudsburg, PA, USA}
} 

@inproceedings{osborne2012bieber,
  author = {Miles Osborne and Sa≈°a Petrovi\'{c} and Richard McCreadie and Craig Macdonald and Iadh Ounis}, 
  title = {{Bieber no more: First Story Detection using Twitter and Wikipedia}},
  booktitle = {Proceedings of the SIGIR Workshop on Time-aware Information Access},
  year = {2012},
  editor = {Milad Shokouhi}
}

